@article{Eigen1971,
  title={Selforganization of matter and the evolution of biological macromolecules},
  author={Eigen, Manfred},
  journal={Naturwissenschaften},
  volume={58},
  number={10},
  pages={465--523},
  year={1971},
  publisher={Springer}
}

@article{Knuth1968,
  title={Semantics of Context-free Languages},
  author={Knuth, Donald E},
  journal={Mathematical Systems Theory},
  volume={2},
  number={2},
  pages={127--145},
  year={1968},
  publisher={Springer}
}
%%%%%%%%%%%%%%%%%%%%%%%%%%%
% My references start here
%%%%%%%%%%%%%%%%%%%%%%%%%%%

@inproceedings{RefWorks:26,
	author={Marion Walton and Gary Marsden and Silke Ha{\ss}reiter and Sena Allen},
	year={2012},
	title={Degrees of sharing: Proximate media sharing and messaging by young people in Khayelitsha},
	booktitle={Proceedings of the 14th international conference on Human-computer interaction with mobile devices and services},
	publisher={ACM},
	pages={403-412}
}

@inproceedings{RefWorks:15,
	author={Richard Harper and Tim Regan and Shahram Izadi and Kharsim Al Mosawi and Mark Rouncefield and Simon Rubens},
	year={2007},
	title={Trafficking: design for the viral exchange of TV content on mobile phones},
	booktitle={Proceedings of the 9th international conference on Human computer interaction with mobile devices and services},
	publisher={ACM},
	pages={249-256}
}

@inproceedings{reitmaier2013designing,
  title={Designing and theorizing co-located interactions},
  author={Reitmaier, Thomas and Benz, Pierre and Marsden, Gary},
  booktitle={Proceedings of the SIGCHI Conference on Human Factors in Computing Systems},
  pages={381--390},
  year={2013},
  organization={ACM}
}
@article{cachin2009trusting,
  title={Trusting the cloud},
  author={Cachin, Christian and Keidar, Idit and Shraer, Alexander},
  journal={Acm Sigact News},
  volume={40},
  number={2},
  pages={81--86},
  year={2009},
  publisher={ACM}
}
@article{ling2011ar,
  title={AR Cloudlets for Mobile Computing},
  author={Ling, Chen and Chen, Ming and Zhang, Wenjun and Tian, Feng},
  journal={International Journal of Digital Content Technology and its Applications, AICIT (JDCTA)},
  volume={5},
  number={12},
  pages={162--169},
  year={2011}
}
@inproceedings{RefWorks:93,
	author={Tim Verbelen and Pieter Simoens and Filip De Turck and Bart Dhoedt},
	year={2012},
	title={Cloudlets: Bringing the cloud to the mobile user},
	booktitle={Proceedings of the third ACM workshop on Mobile cloud computing and services},
	publisher={ACM},
	pages={29-36}
}

@inproceedings{RefWorks:90,
	author={Antti P. Miettinen and Jukka K. Nurminen},
	year={2010},
	title={Energy efficiency of mobile clients in cloud computing},
	booktitle={Proceedings of the 2nd USENIX conference on Hot topics in cloud computing},
	publisher={USENIX Association},
	pages={4-4}
}

@article{RefWorks:107,
	author={Mahadev Satyanarayanan and Grace A. Lewis and Edwin J. Morris and Soumya Simanta and Jeff Boleng and Kiryong Ha},
	year={2013},
	title={The Role of Cloudlets in Hostile Environments.},
	journal={IEEE Pervasive Computing},
	volume={12},
	number={4},
	pages={40-49}
}

@misc{usdefense,
	author={Jim Garamone},
	title={American Forces Press Service. Army Tests Land Warrior for 21st Century Soldiers},
	howpublished = "Retrieved from \url{http://www.defense.gov/news/newsarticle.aspx?id=42267}",
	note = "[Online; accessed 22 August 2014]"
}

@incollection{giurgiu2009calling,
  title={Calling the cloud: enabling mobile phones as interfaces to cloud applications},
  author={Giurgiu, Ioana and Riva, Oriana and Juric, Dejan and Krivulev, Ivan and Alonso, Gustavo},
  booktitle={Middleware 2009},
  pages={83--102},
  year={2009},
  publisher={Springer}
}

@article{satyanarayanan2009case,
  title={The case for vm-based cloudlets in mobile computing},
  author={Satyanarayanan, Mahadev and Bahl, Paramvir and Caceres, Ram{\'o}n and Davies, Nigel},
  journal={Pervasive Computing, IEEE},
  volume={8},
  number={4},
  pages={14--23},
  year={2009},
  publisher={IEEE}
}

@inproceedings{tso2013glasgow,
  title={The Glasgow Raspberry Pi Cloud: A Scale Model for Cloud Computing Infrastructures},
  author={Tso, Fung Po and White, David R and Jouet, Simon and Singer, Jeremy and Pezaros, Dimitrios P},
  booktitle={Distributed Computing Systems Workshops (ICDCSW), 2013 IEEE 33rd International Conference on},
  pages={108--112},
  year={2013},
  organization={IEEE}
}

@article{RefWorks:100,
	author={ABM Moniruzzaman and Syed Akhter Hossain},
	year={2013},
	title={Nosql database: New era of databases for big data analytics-classification, characteristics and comparison},
	journal={arXiv preprint arXiv:1307.0191}
}

@article{RefWorks:91,
	author={Michael A. Olson},
	year={2000},
	title={Selecting and implementing an embedded database system},
	journal={Computer},
	volume={33},
	number={9},
	pages={27-34}
}

@book{RefWorks:97,
	author={Himanshu Yadava and Mike Olson},
	year={2007},
	title={The Berkeley DB Book},
	publisher={Springer},
	volume={79}
}

@inproceedings{RefWorks:98,
	author={Margo I. Seltzer and Michael Olson},
	year={1999},
	title={Challenges in embedded database system administration},
	booktitle={Proceeding of the Embedded System Workshop},
	pages={29-31}
}

@misc{RefWorks:99,
	author={Margo Seltzer},
	title={Berkeley DB: A Retrospective},
	howpublished = "Retrieved from \url{http://sites.computer.org/debull/A07sept/seltzer.pdf}",
	note = "[Online; accessed 13 August 2014]"
}

@inproceedings{RefWorks:106,
	author={Sorin Stancu-Mara and Peter Baumann},
	year={2008},
	title={A comparative benchmark of large objects in relational databases},
	booktitle={Proceedings of the 2008 international symposium on Database engineering \& applications},
	publisher={ACM},
	pages={277-284}
}

@misc{raspwebsite,
	author={Raspbery Pi Foundation},
	title={Frequently asked questions},
	howpublished = "Retrieved from \url{http://www.raspberrypi.org/help/faqs/##sdMax}",
	note = "[Online; accessed 28 August 2014]"
}

@article{RefWorks:104,
	author={Bradley Mitchell},
	year={2010},
	title={Wireless Standards 802.11 b, 802.11 a, 802.11 g and 802.11 n},
	journal={The 802.11 family explained}
}

@misc{RefWorks:103,
	author={Phil Belanger},
	year={May 31, 2007},
	title={802.11n Delivers Better Range},
	volume={August 14, 2014}
}
@article{pitoura1993dealing,
title={Dealing with mobility: Issues and research challenges},
author={Pitoura, Evaggelia and Bhargava, Bharat},
pages={4},
year={1993}
}

@inproceedings{black1996system,
  title={System support for mobility},
  author={Black, Andrew and Inouye, Jon},
  booktitle={Proceedings of the 7th workshop on ACM SIGOPS European workshop: Systems support for worldwide applications},
  pages={129--132},
  year={1996},
  organization={ACM}
}

@misc{mqttwebsite,
	author={Margo Seltzer},
	title={Berkeley DB: A Retrospective},
	howpublished = "Retrieved from \url{http://mqtt.org/}",
	note = "[Online; accessed 28 August 2014]"
}
@misc{Holmwebsite,
	author={Kathleen Holm},
	title={Using MQTT Protocol Advantages Over HTTP in Mobile Application Development },
	howpublished = "Retrieved from \url{https://www.ibm.com/developerworks/community/blogs/sowhatfordevs/entry/using_mqtt_protocol_advantages_over_http_in_mobile_application_development5?lang=en}",
	note = "[Online; accessed 28 August 2014]"
}

@book{king2000writing,
  title={On Writing: A Memoir of the Craft},
  author={King, Stephen},
  year={2000},
  publisher={Simon and Schuster}
}

@article{walton2010mobile,
  title={Mobile literacies and South African teens: Leisure reading, writing, and MXit chatting for teens in Langa and Guguletu},
  author={Walton, Marion},
  journal={Shuttleworth Foundation},
  year={2010}
}

@inproceedings{luyten2007ad,
  title={Ad-hoc co-located collaborative work with mobile devices},
  author={Luyten, Kris and Verpoorten, Kristof and Coninx, Karin},
  booktitle={Proceedings of the 9th international conference on Human computer interaction with mobile devices and services},
  pages={507--514},
  year={2007},
  organization={ACM}
}